
@article{Alghamdi2018,
title = {Printed Arabic Script Recognition: A Survey},
journal = {International Journal of Advanced Computer Science and Applications},
doi = {10.14569/IJACSA.2018.090953},
url = {http://dx.doi.org/10.14569/IJACSA.2018.090953},
year = {2018},
publisher = {The Science and Information Organization},
volume = {9},
number = {9},
author = {Mansoor Alghamdi and William Teahan}
}



@inproceedings{kassis2017vml,
  title={Vml-hd: The historical arabic documents dataset for recognition systems},
  author={Kassis, Majeed and Abdalhaleem, Alaa and Droby, Ahmad and Alaasam, Reem and El-Sana, Jihad},
  booktitle={2017 1st International Workshop on Arabic Script Analysis and Recognition (ASAR)},
  pages={11--14},
  year={2017},
  organization={IEEE}
}

@inproceedings{hassen2013arabic,
  title={Arabic Islamic manuscripts digitization based on hybrid K-NN/SVM approach and cloud computing technologies},
  author={Hassen, Hamdi and Khemakhem, Maher},
  booktitle={2013 Taibah University International Conference on Advances in Information Technology for the Holy Quran and Its Sciences},
  pages={366--371},
  year={2013},
  organization={IEEE}
}

@article{Shams2020,
title = {Arabic Handwritten Character Recognition based on Convolution Neural Networks and Support Vector Machine},
journal = {International Journal of Advanced Computer Science and Applications},
doi = {10.14569/IJACSA.2020.0110819},
url = {http://dx.doi.org/10.14569/IJACSA.2020.0110819},
year = {2020},
publisher = {The Science and Information Organization},
volume = {11},
number = {8},
author = {Mahmoud Shams and Amira. A. Elsonbaty and Wael. Z. ElSawy}
} 

@INPROCEEDINGS{9257759,
  author={Aïcha Gader, Takwa Ben and Echi, Afef Kacem},
  booktitle={2020 17th International Conference on Frontiers in Handwriting Recognition (ICFHR)}, 
  title={Unconstrained Handwritten Arabic Text-lines Segmentation based on AR2U-Net}, 
  year={2020},
  volume={},
  number={},
  pages={349-354},
  doi={10.1109/ICFHR2020.2020.00070}}
  
  @INPROCEEDINGS{8892920,
  author={Neche, Chemseddine and Belaid, Abdel and Kacem-Echi, Afef},
  booktitle={2019 International Conference on Document Analysis and Recognition Workshops (ICDARW)}, 
  title={Arabic Handwritten Documents Segmentation into Text-Lines and Words using Deep Learning}, 
  year={2019},
  volume={6},
  number={},
  pages={19-24},
  doi={10.1109/ICDARW.2019.50110}}
  
  @INPROCEEDINGS{FCN,
  author={Barakat, Berat and Droby, Ahmad and Kassis, Majeed and El-Sana, Jihad},
  booktitle={2018 16th International Conference on Frontiers in Handwriting Recognition (ICFHR)}, 
  title={Text Line Segmentation for Challenging Handwritten Document Images using Fully Convolutional Network}, 
  year={2018},
  volume={},
  number={},
  pages={374-379},
  doi={10.1109/ICFHR-2018.2018.00072}}
  
  
@article{altwaijry2021arabic,
  title={Arabic handwriting recognition system using convolutional neural network},
  author={Altwaijry, Najwa and Al-Turaiki, Isra},
  journal={Neural Computing and Applications},
  volume={33},
  number={7},
  pages={2249--2261},
  year={2021},
  publisher={Springer}
}


@inproceedings{mostafa2021ocformer,
  title={OCFormer: A Transformer-Based Model For Arabic Handwritten Text Recognition},
  author={Mostafa, Aly and Mohamed, Omar and Ashraf, Ali and Elbehery, Ahmed and Jamal, Salma and Khoriba, Ghada and Ghoneim, Amr S},
  booktitle={2021 International Mobile, Intelligent, and Ubiquitous Computing Conference (MIUCC)},
  pages={182--186},
  year={2021},
  organization={IEEE}
}


@article{hassen2021subword,
  title={Subword Recognition in Historical Arabic Documents using C-GRUs},
  author={Hassen, Hanadi and Al-Madeed, Somaya and Bouridane, Ahmed},
  year={2021}
}

@inproceedings{biller2013webgt,
  title={Webgt: An interactive web-based system for historical document ground truth generation},
  author={Biller, Ofer and Asi, Abedelkadir and Kedem, Klara and El-Sana, Jihad and Dinstein, Itshak},
  booktitle={2013 12th International Conference on Document Analysis and Recognition},
  pages={305--308},
  year={2013},
  organization={IEEE}
}

@inproceedings{pantke2013hadara,
  title={HADARA--A software system for semi-automatic processing of historical handwritten Arabic documents},
  author={Pantke, Werner and M{\"a}rgner, Volker and Fecker, Daniel and Fingscheidt, Tim and Asi, Abedelkadir and Biller, Ofer and El-Sana, Jihad and Saabni, Raid and Yehia, Mohammad},
  booktitle={Archiving Conference},
  volume={2013},
  number={1},
  pages={161--166},
  year={2013},
  organization={Society for Imaging Science and Technology}
}

@inproceedings{farrahi2010ibn,
  title={IBN SINA: a database for research on processing and understanding of Arabic manuscripts images},
  author={Farrahi Moghaddam, Reza and Cheriet, Mohamed and Adankon, Mathias M and Filonenko, Kostyantyn and Wisnovsky, Robert},
  booktitle={Proceedings of the 9th IAPR International Workshop on Document Analysis Systems},
  pages={11--18},
  year={2010}
}



@inproceedings{ali2019efficient,
  title={An efficient character segmentation algorithm for recognition of Arabic handwritten script},
  author={Ali, Amani Ali Ahmed and Suresha, M},
  booktitle={2019 International Conference on Data Science and Communication (IconDSC)},
  pages={1--6},
  year={2019},
  organization={IEEE}
}

@INPROCEEDINGS{PP,
  author={Alghamdi, Arwa and Alluhaybi, Dareen and Almehmadi, Doaa and Alameer, Khadijah and Siddeq, Sundos Bin and Alsubait, Tahani},
  booktitle={2021 National Computing Colleges Conference (NCCC)}, 
  title={Text Segmentation of Historical Arabic Handwritten Manuscripts Using Projection Profile}, 
  year={2021},
  volume={},
  number={},
  pages={1-6},
  doi={10.1109/NCCC49330.2021.9428836}}
  



@article{article,
author = {Mohammad, Khader and Qaroush, Aziz and Ayesh, Muna and Washha, Mahdi and Alsadeh, Ahmad and Agaian, Sos},
year = {2019},
month = {08},
pages = {1},
title = {Contour-based character segmentation for printed Arabic text with diacritics},
volume = {28},
journal = {Journal of Electronic Imaging},
doi = {10.1117/1.JEI.28.4.043030}
}
  
@article{jawad_h_alkhateeb,
  author       = {Jawad H AlKhateeb and
                  Jianmin Jiang and
                  Jinchang Ren and
                  Stan S Ipson},
  title        = {{Component-based Segmentation of Words from 
                   Handwritten Arabic Text}},
  journal      = {{International Journal of Information, Control and 
                   Computer Sciences}},
  year         = 2008,
  volume       = {1.0},
  number       = 5,
  month        = may,
  doi          = {10.5281/zenodo.1333879},
  url          = {https://doi.org/10.5281/zenodo.1333879}
}

@article{CNN,
  title={Historical Arabic Manuscripts Text Recognition Using Convolutional Neural Network},
  author={Bodour Alrehali and Najlaa Alsaedi and Hanan Alahmadi and Nahla J. Abid},
  journal={2020 6th Conference on Data Science and Machine Learning Applications (CDMA)},
  year={2020},
  pages={37-42}
}

@article{Kassis2016AutomaticSO,
  title={Automatic Synthesis of Historical Arabic Text for Word-Spotting},
  author={Majeed Kassis and Jihad El-Sana},
  journal={2016 12th IAPR Workshop on Document Analysis Systems (DAS)},
  year={2016},
  pages={239-244}
}

@inproceedings{GhilasKeyPoints,
author = {Ghilas, Hamza and Gagaoua, Meriem and Tari, Abdelkamel and Cheriet, Mohamed},
year = {2017},
month = {01},
pages = {33 (5 .)-33 (5 .)},
title = {Arabic word spotting based on key-points features},
doi = {10.1049/cp.2017.0162}
}

@INPROCEEDINGS{Noureddine,  author={makhfi, Noureddine El},  booktitle={2019 5th International Conference on Optimization and Applications (ICOA)},   title={Handwritten Arabic Word Spotting Using Speeded Up Robust Features Algorithm},   year={2019},  volume={},  number={},  pages={1-6},  doi={10.1109/ICOA.2019.8727692}}

@inproceedings{ManmathaProjectionAlgorithm,
author = {Manmatha, R. and Srimal, Nitin},
title = {Scale Space Technique for Word Segmentation in Handwritten Documents},
year = {1999},
isbn = {354066498X},
publisher = {Springer-Verlag},
address = {Berlin, Heidelberg},
booktitle = {Proceedings of the Second International Conference on Scale-Space Theories in Computer Vision},
pages = {22–33},
numpages = {12},
series = {SCALE-SPACE '99}
}

@INPROCEEDINGS{VMLHD,  author={Kassis, Majeed and Abdalhaleem, Alaa and Droby, Ahmad and Alaasam, Reem and El-Sana, Jihad},  booktitle={2017 1st International Workshop on Arabic Script Analysis and Recognition (ASAR)},   title={VML-HD: The historical Arabic documents dataset for recognition systems},   year={2017},  volume={},  number={},  pages={11-14},  doi={10.1109/ASAR.2017.8067751}}

@inbook{RASAM,
author = {Vidal-Gorène, Chahan and Lucas, Noëmie and Salah, Clément and Decours-Perez, Aliénor and Dupin, Boris},
year = {2021},
month = {09},
pages = {265-281},
title = {RASAM – A Dataset for the Recognition and Analysis of Scripts in Arabic Maghrebi},
isbn = {978-3-030-86197-1},
doi = {10.1007/978-3-030-86198-8_19}
}

@inproceedings{IFNENIT,
author = {Pechwitz, Mario and Snoussi, Samia and Märgner, Volker and Ellouze, Noureddine and Amiri, Hamid},
year = {2002},
month = {10},
pages = {},
title = {IFN/ENIT-database of handwritten Arabic words}
}

@INPROCEEDINGS{KHATT,  author={Mahmoud, Sabri A. and Ahmad, Irfan and Alshayeb, Mohammad and Al-Khatib, Wasfi G. and Parvez, Mohammad Tanvir and Fink, Gernot A. and Märgner, Volker and Abed, Haikal El},  booktitle={2012 International Conference on Frontiers in Handwriting Recognition},   title={KHATT: Arabic Offline Handwritten Text Database},   year={2012},  volume={},  number={},  pages={449-454},  doi={10.1109/ICFHR.2012.224}}

@ARTICLE{WORDSPOTTING,  author={Almazán, Jon and Gordo, Albert and Fornés, Alicia and Valveny, Ernest},  journal={IEEE Transactions on Pattern Analysis and Machine Intelligence},   title={Word Spotting and Recognition with Embedded Attributes},   year={2014},  volume={36},  number={12},  pages={2552-2566},  doi={10.1109/TPAMI.2014.2339814}}





% chapter 3

@inbook{inbook,
author = {Alginahi, Yasser},
year = {2010},
month = {08},
pages = {},
title = {Preprocessing Techniques in Character Recognition},
isbn = {978-953-307-105-3},
doi = {10.5772/9776}
}

@ARTICLE{equalization,
  author={Yu Wang and Qian Chen and Baeomin Zhang},
  journal={IEEE Transactions on Consumer Electronics}, 
  title={Image enhancement based on equal area dualistic sub-image histogram equalization method}, 
  year={1999},
  volume={45},
  number={1},
  pages={68-75},
  doi={10.1109/30.754419}}
  
@article{thresholding,
author = {Karim, Alia and Kadhm, Mustafa},
year = {2016},
month = {03},
pages = {26-34},
title = {An Efficient Image Thresholding Method for Arabic Handwriting Recognition System},
volume = {34},
journal = {Engineering and Technology Journal}
}

@article{median,
  title={HandwrittenText Recognition System for Automatic Reading of Historical Arabic Manuscripts},
  author={Mohamed S. Farag},
  journal={International Journal of Computer Applications},
  year={2012},
  volume={60},
  pages={31-37}
}

@article{contour,
author = {Mohammad, Khader and Qaroush, Aziz and Ayesh, Muna and Washha, Mahdi and Alsadeh, Ahmad and Agaian, Sos},
year = {2019},
month = {08},
pages = {1},
title = {Contour-based character segmentation for printed Arabic text with diacritics},
volume = {28},
journal = {Journal of Electronic Imaging},
doi = {10.1117/1.JEI.28.4.043030}
}

@INPROCEEDINGS{PHOCNET,  author={Sudholt, Sebastian and Fink, Gernot A.},  booktitle={2016 15th International Conference on Frontiers in Handwriting Recognition (ICFHR)},   title={PHOCNet: A Deep Convolutional Neural Network for Word Spotting in Handwritten Documents},   year={2016},  volume={},  number={},  pages={277-282},  doi={10.1109/ICFHR.2016.0060}}

@INPROCEEDINGS{ZEROSHOT,  author={Chanda, Sukalpa and Baas, Jochem and Haitink, Daniël and Hamel, Sébastien and Stutzmann, Dominique and Schomaker, Lambert},  booktitle={2018 16th International Conference on Frontiers in Handwriting Recognition (ICFHR)},   title={Zero-Shot Learning Based Approach For Medieval Word Recognition using Deep-Learned Features},   year={2018},  volume={},  number={},  pages={345-350},  doi={10.1109/ICFHR-2018.2018.00067}}

@InProceedings{PHOSC,
author="Rai, Anuj
and Krishnan, Narayanan C.
and Chanda, Sukalpa",
editor="Llad{\'o}s, Josep
and Lopresti, Daniel
and Uchida, Seiichi",
title="Pho(SC)Net: An Approach Towards Zero-Shot Word Image Recognition in Historical Documents",
booktitle="Document Analysis and Recognition -- ICDAR 2021",
year="2021",
publisher="Springer International Publishing",
address="Cham",
pages="19--33",
isbn="978-3-030-86549-8"
}

@article{esosion,
author = {Young, Ian},
year = {1983},
month = {09},
pages = {184-185},
title = {Image analysis and mathematical morphology, by J. Serra. Academic Press, London, 1982},
volume = {4},
journal = {Cytometry},
doi = {10.1002/cyto.990040213}
}
